@misc{ceres-solver,
  author = "Sameer Agarwal and Keir Mierle and Others",
  title = "Ceres Solver",
  howpublished = "\url{https://code.google.com/p/ceres-solver/}",
}

@article{Pellacini:2005:LAH,
  author = "Fabio Pellacini and Kiril Vidim{\v{c}}e and Aaron Lefohn
      and Alex Mohr and Mark Leone and John Warren",
  title = "Lpics: a Hybrid Hardware-Accelerated Relighting
    Engine for Computer Cinematography",
  year = "2005",
  month = aug,
  journal = "ACM Transactions on Graphics",
  volume = "24",
  number = "3",
  pages = "464--470",
  doi = "10.1145/1073204.1073214",
}
