@book{shaker2015procedural,
	author={Shaker, Noor and Togelius, Julian and Nelson, Mark J.},
	title={Procedural Content Generation in Games: A Textbook and an Overview of Current Research},
	publisher={Springer},
	year={2015}
}