@book{shaker2015procedural,
	author={Shaker, Noor and Togelius, Julian and Nelson, Mark J.},
	title={Procedural Content Generation in Games: A Textbook and an Overview of Current Research},
	publisher={Springer},
	year={2015}
}

@article{coifman1998real,
	title={A real-time computer vision system for vehicle tracking and traffic surveillance},
	author={Coifman, Benjamin and Beymer, David and McLauchlan, Philip and Malik, Jitendra},
	journal={Transportation Research Part C: Emerging Technologies},
	volume={6},
	number={4},
	pages={271--288},
	year={1998},
	publisher={Elsevier}
}